<record xmlns="http://www.loc.gov/MARC21/slim" xmlns:xsi="http://www.w3.org/2001/XMLSchema-instance" xsi:schemaLocation="http://www.loc.gov/MARC21/slim http://www.loc.gov/standards/marcxml/schema/MARC21slim.xsd"><leader>     nam a22        4500</leader><controlfield tag="001">3076803</controlfield><controlfield tag="003">NNC</controlfield><controlfield tag="006">m        d        </controlfield><controlfield tag="007">cr cn |||m|||a</controlfield><controlfield tag="008">150316s1962    iq h    ob    000 0 ararc</controlfield><datafield ind1=" " ind2=" " tag="040"><subfield code="a">NNU</subfield><subfield code="b">eng</subfield><subfield code="e">rda</subfield><subfield code="c">NNU</subfield></datafield><datafield ind1=" " ind2=" " tag="043"><subfield code="a">ma-----</subfield></datafield><datafield ind1="0" ind2="4" tag="050"><subfield code="a">PJ7543</subfield><subfield code="b">.I2</subfield></datafield><datafield ind1="1" ind2=" " tag="100"><subfield code="6">880-01</subfield><subfield code="a">Ibn Jinni&#772;, Abu&#772; al-Fath&#803; &#699;Uthma&#772;n,</subfield><subfield code="d">-1002.</subfield></datafield><datafield ind1="1" ind2="3" tag="245"><subfield code="6">880-02</subfield><subfield code="a">al-Tama&#772;m fi&#772; tafsi&#772;r ash&#699;a&#772;r Hudhayl :</subfield><subfield code="b">mima&#772; aghlafahu Abu&#772; Sa&#699;i&#772;d al-Sakari&#772; /</subfield><subfield code="c">li-Abi&#772; al-Fath&#803; &#699;Uthma&#772;n ibn Jinni&#772; ; h&#803;aqqaqahu wa-qaddama lahu Ah&#803;man Na&#772;ji&#772; al-Qaysi&#772;, Khadi&#772;jah &#699;Abd al-Razza&#772;q al-H&#803;adi&#772;th, Ah&#803;mad Mat&#803;lu&#772;b ; ra&#772;ja&#699;ahu Mus&#803;t&#803;afa&#769; Jawa&#772;d.</subfield></datafield><datafield ind1=" " ind2=" " tag="250"><subfield code="6">880-03</subfield><subfield code="a">al-T&#803;ab&#699;ah 1.</subfield></datafield><datafield ind1=" " ind2=" " tag="260"><subfield code="6">880-04</subfield><subfield code="a">Baghda&#772;d :</subfield><subfield code="b">Mat&#803;ba&#699;at al-&#699;Ani&#772;</subfield><subfield code="c">[1962]</subfield></datafield><datafield ind1=" " ind2=" " tag="300"><subfield code="a">online resource (296 pages) :</subfield><subfield code="b">facsimiles</subfield></datafield><datafield ind1=" " ind2=" " tag="336"><subfield code="a">text</subfield><subfield code="2">rdacontent</subfield></datafield><datafield ind1=" " ind2=" " tag="337"><subfield code="a">computer</subfield><subfield code="2">rdamedia</subfield></datafield><datafield ind1=" " ind2=" " tag="338"><subfield code="a">online resource</subfield><subfield code="2">rdacarrier</subfield></datafield><datafield ind1=" " ind2=" " tag="500"><subfield code="a">Includes poems belonging to the group known as Di&#772;wa&#772;n al-Hudhayli&#772;yi&#772;n.</subfield></datafield><datafield ind1=" " ind2=" " tag="500"><subfield code="a">Part of the Arabic Collections Online (ACO) project, contributed by Columbia University Libraries.</subfield></datafield><datafield ind1=" " ind2=" " tag="504"><subfield code="a">Includes bibliographical references (pages 261-264).</subfield></datafield><datafield ind1=" " ind2=" " tag="533"><subfield code="a">Electronic reproduction.</subfield><subfield code="b">New York, N.Y. :</subfield><subfield code="c">New York University,</subfield><subfield code="d">2015.</subfield><subfield code="5">NNU</subfield></datafield><datafield ind1=" " ind2="0" tag="650"><subfield code="a">Arabic poetry</subfield><subfield code="x">History and criticism.</subfield></datafield><datafield ind1="1" ind2="0" tag="600"><subfield code="6">880-05</subfield><subfield code="a">Sukkari&#772;, Abu&#772; Sa&#699;i&#772;d al-H&#803;asan ibn al-H&#803;usayn,</subfield><subfield code="d">827 or 828-888 or 889.</subfield><subfield code="t">Sharh&#803; ash&#699;a&#772;r al-Hudhayli&#772;yi&#772;n.</subfield></datafield><datafield ind1="1" ind2=" " tag="700"><subfield code="6">880-06</subfield><subfield code="a">Qaysi&#772;, Ah&#803;mad Na&#772;ji&#772;,</subfield><subfield code="d">1919-</subfield></datafield><datafield ind1="1" ind2=" " tag="700"><subfield code="6">880-07</subfield><subfield code="a">H&#803;adi&#772;thi&#772;, Khadi&#772;jah.</subfield></datafield><datafield ind1="1" ind2=" " tag="700"><subfield code="6">880-08</subfield><subfield code="a">Mat&#803;lu&#772;b, Ah&#803;mad.</subfield></datafield><datafield ind1="1" ind2=" " tag="700"><subfield code="6">880-09</subfield><subfield code="a">Jawa&#772;d, Mus&#803;t&#803;afa&#769;,</subfield><subfield code="d">1905-1969.</subfield></datafield><datafield ind1="2" ind2=" " tag="710"><subfield code="a">Columbia University.</subfield><subfield code="b">Libraries.</subfield></datafield><datafield ind1="0" ind2=" " tag="730"><subfield code="a">Arabic Collections Online.</subfield></datafield><datafield ind1="0" ind2="2" tag="740"><subfield code="6">880-10</subfield><subfield code="a">Di&#772;wa&#772;n al-Hudhali&#772;yi&#772;n.</subfield></datafield><datafield ind1="0" ind2="8" tag="776"><subfield code="i">Online version:</subfield><subfield code="a">Ibn Jinni&#772;, Abu&#772; al-Fath&#803; &#699;Uthma&#772;n, -1002.</subfield><subfield code="t">Tama&#772;m fi&#772; tafsi&#772;r ash&#699;a&#772;r Hudhayl.</subfield><subfield code="b">al-T&#803;ab&#699;ah 1.</subfield><subfield code="d">Baghda&#772;d : Mat&#803;ba&#699;at al-&#699;Ani&#772; [1962]</subfield><subfield code="w">(OCoLC)630115529</subfield></datafield><datafield ind1="0" ind2="8" tag="776"><subfield code="i">Print version:</subfield><subfield code="a">Ibn Jinni&#772;, Abu&#772; al-Fath&#803; &#699;Uthma&#772;n, -1002.</subfield><subfield code="t">al-Tama&#772;m fi&#772; tafsi&#772;r ash&#699;a&#772;r Hudhayl</subfield><subfield code="w">(NNC)3076803</subfield><subfield code="w">(DLC)ne 63000344 </subfield><subfield code="w">(OCoLC)20814458</subfield></datafield><datafield ind1="4" ind2="0" tag="856"><subfield code="u">http://hdl.handle.net/2333.1/h70rxzp9</subfield></datafield><datafield ind1="1" ind2=" " tag="880"><subfield code="6">100-01/r</subfield><subfield code="a">&#1575;&#1576;&#1606; &#1580;&#1606;&#1610;&#1548; &#1575;&#1576;&#1608; &#1575;&#1604;&#1601;&#1578;&#1581; &#1593;&#1579;&#1605;&#1575;&#1606;.</subfield></datafield><datafield ind1="1" ind2="2" tag="880"><subfield code="6">245-02/r</subfield><subfield code="a">&#1575;&#1604;&#1578;&#1605;&#1575;&#1605; &#1601;&#1610; &#1578;&#1601;&#1587;&#1610;&#1585; &#1575;&#1588;&#1593;&#1575;&#1585; &#1607;&#1584;&#1610;&#1604; :</subfield><subfield code="b">&#1605;&#1605;&#1575; &#1575;&#1594;&#1604;&#1601;&#1607; &#1575;&#1576;&#1608; &#1587;&#1593;&#1610;&#1583; &#1575;&#1604;&#1587;&#1603;&#1585;&#1610; /</subfield><subfield code="c">&#1604;&#1575;&#1576;&#1610; &#1575;&#1604;&#1601;&#1578;&#1581; &#1593;&#1579;&#1605;&#1575;&#1606; &#1576;&#1606; &#1580;&#1606;&#1610; &#1563; &#1581;&#1602;&#1602;&#1607; &#1608;&#1602;&#1583;&#1605; &#1604;&#1607; &#1575;&#1581;&#1605;&#1583; &#1606;&#1575;&#1580;&#1610; &#1575;&#1604;&#1602;&#1610;&#1587;&#1610;&#1548; &#1582;&#1583;&#1610;&#1580;&#1577; &#1593;&#1576;&#1583; &#1575;&#1604;&#1585;&#1586;&#1575;&#1602; &#1575;&#1604;&#1581;&#1583;&#1610;&#1579;&#1610;&#1548; &#1575;&#1581;&#1605;&#1583; &#1605;&#1591;&#1604;&#1608;&#1576; &#1563; &#1608;&#1585;&#1575;&#1580;&#1593;&#1607; &#1605;&#1589;&#1591;&#1601;&#1609; &#1580;&#1608;&#1575;&#1583;.</subfield></datafield><datafield ind1=" " ind2=" " tag="880"><subfield code="6">250-03/r</subfield><subfield code="a">&#1575;&#1604;&#1591;&#1576;&#1593;&#1577; &#1633;.</subfield></datafield><datafield ind1=" " ind2=" " tag="880"><subfield code="6">260-04/r</subfield><subfield code="a">&#1576;&#1594;&#1583;&#1575;&#1583; :</subfield><subfield code="b">&#1605;&#1591;&#1576;&#1593;&#1577; &#1575;&#1604;&#1593;&#1575;&#1606;&#1610;&#1548;</subfield><subfield code="c">&#1633;&#1635;&#1640;&#1633; [&#1633;&#1641;&#1638;&#1634;]</subfield></datafield><datafield ind1="1" ind2="4" tag="880"><subfield code="6">600-05/r</subfield><subfield code="a">&#1587;&#1603;&#1585;&#1610;&#1548; &#1571;&#1576;&#1608; &#1587;&#1593;&#1610;&#1583; &#1575;&#1604;&#1581;&#1587;&#1606; &#1576;&#1606; &#1575;&#1604;&#1581;&#1587;&#1610;&#1606;.</subfield><subfield code="t">&#1588;&#1585;&#1581; &#1571;&#1588;&#1593;&#1575;&#1585; &#1575;&#1604;&#1607;&#1584;&#1604;&#1610;&#1610;&#1606;.</subfield></datafield><datafield ind1="1" ind2=" " tag="880"><subfield code="6">700-06/r</subfield><subfield code="a">&#1602;&#1610;&#1587;&#1610;&#1548; &#1575;&#1581;&#1605;&#1583; &#1606;&#1575;&#1580;&#1610;&#1548;,</subfield><subfield code="d">1919-</subfield></datafield><datafield ind1="1" ind2=" " tag="880"><subfield code="6">700-07/r</subfield><subfield code="a">&#1581;&#1583;&#1610;&#1579;&#1610;&#1548; &#1582;&#1583;&#1610;&#1580;&#1577;.</subfield></datafield><datafield ind1="1" ind2=" " tag="880"><subfield code="6">700-08/r</subfield><subfield code="a">&#1605;&#1591;&#1604;&#1608;&#1576;&#1548; &#1571;&#1581;&#1605;&#1583;.</subfield></datafield><datafield ind1="1" ind2=" " tag="880"><subfield code="6">700-09/r</subfield><subfield code="a">&#1580;&#1608;&#1575;&#1583;&#1548; &#1605;&#1589;&#1591;&#1601;&#1609;&#1548;,</subfield><subfield code="d">1905-1969.</subfield></datafield><datafield ind1="0" ind2="2" tag="880"><subfield code="6">740-10/r</subfield><subfield code="a">&#1583;&#1610;&#1608;&#1575;&#1606; &#1575;&#1604;&#1607;&#1584;&#1610;&#1604;&#1610;&#1610;&#1606;.</subfield></datafield><datafield ind1=" " ind2=" " tag="959"><subfield code="a">NNU</subfield><subfield code="b">WEB</subfield><subfield code="c">GENI</subfield><subfield code="t">0</subfield><subfield code="m">Electronic access</subfield><subfield code="s">01</subfield></datafield><datafield ind1=" " ind2=" " tag="999"><subfield code="i">NNC_3076803</subfield><subfield code="o">(OCoLC)ocm20814458 </subfield><subfield code="s">columbia_aco000214</subfield></datafield></record>